
@article{you1994expiratory,
  title={Expiratory capnography in asthma: evaluation of various shape indices},
  author={You, B and Peslin, R and Duvivier, C and Vu, V Dang and Grilliat, JP},
  journal={European Respiratory Journal},
  volume={7},
  number={2},
  pages={318--323},
  year={1994},
  publisher={Eur Respiratory Soc}
}


@article{mieloszyk2014automated,
  title={Automated quantitative analysis of capnogram shape for COPD--Normal and COPD--CHF classification},
  author={Mieloszyk, Rebecca J and Verghese, George C and Deitch, Kenneth and Cooney, Brendan and Khalid, Abdullah and Mirre-Gonz{\'a}lez, Milciades A and Heldt, Thomas and Krauss, Baruch S},
  journal={IEEE Transactions on Biomedical Engineering},
  volume={61},
  number={12},
  pages={2882--2890},
  year={2014},
  publisher={IEEE}
}


@article{abid2017model,
  title={Model-Based Estimation of Respiratory Parameters from Capnography, with Application to Diagnosing Obstructive Lung Disease},
  author={Abid, Abubakar and Mieloszyk, Rebecca J and Verghese, George C and Krauss, Baruch S and Heldt, Thomas},
  journal={IEEE Transactions on Biomedical Engineering},
  volume={64},
  number={12},
  pages={2957--2967},
  year={2017},
  publisher={IEEE}
}


@inproceedings{abid2015model,
  title={Model-based estimation of pulmonary compliance and resistance parameters from time-based capnography},
  author={Abid, Abubakar and Mieloszyk, Rebecca J and Verghese, George C and Krauss, Baruch S and Heldt, Thomas},
  booktitle={Engineering in Medicine and Biology Society (EMBC), 2015 37th Annual International Conference of the IEEE},
  pages={1687--1690},
  year={2015},
  organization={IEEE}
}


@article{betancourt2014segmented,
  title={Segmented wavelet decomposition for capnogram feature extraction in asthma classification},
  author={Betancourt, Janet Pomares and Tangel, Martin Leonard and Yan, Fei and Diaz, Marianella Ota{\~n}o and Dong, Fangyan and Hirota, Kaoru and others},
  journal={Journal of Advanced Computational Intelligence and Intelligent Informatics},
  volume={18},
  number={4},
  pages={480--488},
  year={2014},
  publisher={Fuji Technology Press Ltd.}
}


@inproceedings{kazemi2012investigation,
  title={Investigation of capnogram signal characteristics using statistical methods},
  author={Kazemi, Mohsen and Malarvili, MB},
  booktitle={Biomedical Engineering and Sciences (IECBES), 2012 IEEE EMBS Conference on},
  pages={343--348},
  year={2012},
  organization={IEEE}
}


@article{kazemi2016new,
  title={New prognostic index to detect the severity of asthma automatically using signal processing techniques of capnogram},
  author={Kazemi, Mohsen and Teo, Aik Howe},
  journal={Journal of Intelligent Procedures in Electrical Technology},
  volume={7},
  number={26},
  year={2016}
}


@inproceedings{den2006bayesian,
  title={Bayesian tracking of a nonlinear model of the capnogram},
  author={Den Buijs, Jorn Op and Warner, Lizette and Chbat, Nicolas W and Roy, Tuhin K},
  booktitle={Engineering in Medicine and Biology Society, 2006. EMBS'06. 28th Annual International Conference of the IEEE},
  pages={2871--2874},
  year={2006},
  organization={IEEE}
}

@article{yaron1996utility,
  title={Utility of the expiratory capnogram in the assessment of bronchospasm},
  author={Yaron, Michael and Padyk, Paul and Hutsinpiller, Molly and Cairns, Charles B},
  journal={Annals of emergency medicine},
  volume={28},
  number={4},
  pages={403--407},
  year={1996},
  publisher={Elsevier}
}


@article{egleston1997capnography,
  title={Capnography for monitoring non-intubated spontaneously breathing patients in an emergency room setting.},
  author={Egleston, CV and Aslam, H Ben and Lambert, MA},
  journal={Emergency Medicine Journal},
  volume={14},
  number={4},
  pages={222--224},
  year={1997},
  publisher={British Association for Accident and Emergency Medicine}
}

@article{dubois1952alveolar,
  title={Alveolar CO2 measured by expiration into the rapid infrared gas analyzer},
  author={DuBois, AB and Fowler, RC and Soffer, A and Fenn, WO},
  journal={Journal of applied physiology},
  volume={4},
  number={7},
  pages={526--534},
  year={1952},
  publisher={Am Physiological Soc}
}


@article{nagler2009capnographic,
  title={Capnographic monitoring in respiratory emergencies},
  author={Nagler, Joshua and Krauss, Baruch},
  journal={Clinical Pediatric Emergency Medicine},
  volume={10},
  number={2},
  pages={82--89},
  year={2009},
  publisher={Elsevier}
}


@book{smalhout1975atlas,
  title={An atlas of capnography},
  author={Smalhout, Bob and Kalenda, Zdenek},
  year={1975},
  publisher={Institute of Anaesthesiology, University Hospital Utrecht}
}


@article{kelsey1962expiratory,
  title={Expiratory carbon dioxide concentration curve a test of pulmonary function},
  author={Kelsey, JE and Oldham, EC and Horvath, SM},
  journal={Diseases of the Chest},
  volume={41},
  number={5},
  pages={498--503},
  year={1962},
  publisher={Elsevier}
}
















@article{luft1943neue,
  title={{\"U}ber eine neue Methode der registrierenden Gasanalyse mit Hilfe der Absorption ultraroter Strahlen ohne spektrale Zerlegung},
  author={Luft, KF},
  journal={Z. tech. Phys},
  volume={24},
  pages={97--104},
  year={1943}
}


@article{aitken1928fluctuation,
  title={On the fluctuation in the composition of the alveolar air during the respiratory cycle in muscular exercise},
  author={Aitken, RS and Clark-Kennedy, AE},
  journal={The Journal of physiology},
  volume={65},
  number={4},
  pages={389--411},
  year={1928},
  publisher={Wiley Online Library}
}


@article{chilton1952mathematical,
  title={A mathematical analysis of carbon dioxide respiration in man},
  author={Chilton, Arthur B and Stacy, Ralph W},
  journal={The bulletin of mathematical biophysics},
  volume={14},
  number={1},
  pages={1--18},
  year={1952},
  publisher={Springer}
}


@article{yamamoto1960mathematical,
  title={Mathematical analysis of the time course of alveolar CO2},
  author={Yamamoto, William S},
  journal={Journal of applied physiology},
  volume={15},
  number={2},
  pages={215--219},
  year={1960},
  publisher={Am Physiological Soc}
}


@article{jaffe2008infrared,
  title={Infrared measurement of carbon dioxide in the human breath:“breathe-through” devices from Tyndall to the present day},
  author={Jaffe, Michael B},
  journal={Anesthesia \& Analgesia},
  volume={107},
  number={3},
  pages={890--904},
  year={2008},
  publisher={LWW}
}


@article{bellville1959respiratory,
  title={Respiratory Carbon Dioxide Response Curve Computer: It gives more complete alveolar ventilation-PCOCO2 response curves than could formerly be obtained},
  author={Bellville, J Weldon and Seed, JC},
  journal={Science},
  volume={130},
  number={3382},
  pages={1079--1083},
  year={1959},
  publisher={American Association for the Advancement of Science}
}


@article{berengo1961single,
  title={Single-breath analysis of carbon dioxide concentration records},
  author={Berengo, A and Cutillo, A},
  journal={Journal of Applied Physiology},
  volume={16},
  number={3},
  pages={522--530},
  year={1961},
  publisher={Am Physiological Soc}
}


@inproceedings{murphy1899analogue,
  title={Analogue-digital data processing of respiratory parameters},
  author={Murphy, TW},
  booktitle={afips},
  pages={253},
  year={1899},
  organization={IEEE}
}


@article{noe1963computer,
  title={Computer analysis of curves from an infrared CO2 analyzer and screen-type airflow meter},
  author={Noe, FE},
  journal={Journal of Applied Physiology},
  volume={18},
  number={1},
  pages={149--157},
  year={1963},
  publisher={Am Physiological Soc}
}


@article{bao1992expert,
  title={Expert capnogram analysis},
  author={Bao, W and King, PH and Zheng, J and Smith, BE},
  journal={IEEE Engineering in Medicine and Biology Magazine},
  volume={11},
  number={1},
  pages={62--66},
  year={1992},
  publisher={IEEE}
}


@article{ventzas1994capnex,
  title={CAPNEX: an expert system for capnography (CO2 respiration analysis)},
  author={Ventzas, DE},
  journal={Transactions of the Institute of Measurement and Control},
  volume={16},
  number={5},
  pages={233--244},
  year={1994},
  publisher={Sage Publications Sage CA: Thousand Oaks, CA}
}


@article{bhavani1992capnometry,
  title={Capnometry and anaesthesia},
  author={Bhavani-Shankar, K and Moseley, H and Kumar, AY and Delph, Y},
  journal={Canadian Journal of anaesthesia},
  volume={39},
  number={6},
  pages={617--632},
  year={1992},
  publisher={Springer}
}


@article{yosefy2004end,
  title={End tidal carbon dioxide as a predictor of the arterial PCO2 in the emergency department setting},
  author={Yosefy, C and Hay, E and Nasri, Y and Magen, E and Reisin, L},
  journal={Emergency Medicine Journal},
  volume={21},
  number={5},
  pages={557--559},
  year={2004},
  publisher={British Association for Accident and Emergency Medicine}
}


@article{jabre2010place,
  title={Place de la surveillance de la capnographie dans les d{\'e}tresses respiratoires aigu{\"e}s},
  author={Jabre, P and Combes, X and Adnet, F},
  journal={R{\'e}animation},
  volume={19},
  number={7},
  pages={633--639},
  year={2010},
  publisher={Elsevier}
}


@article{howe2011use,
  title={The use of end-tidal capnography to monitor non-intubated patients presenting with acute exacerbation of asthma in the emergency department},
  author={Howe, Teo Aik and Jaalam, Kamaruddin and Ahmad, Rashidi and Sheng, Chew Keng and Ab Rahman, Nik Hisamuddin Nik},
  journal={Journal of Emergency Medicine},
  volume={41},
  number={6},
  pages={581--589},
  year={2011},
  publisher={Elsevier}
}


@inproceedings{rayburn1994neural,
  title={Neural network evaluation of slopes from sequential volume segments of expiratory carbon dioxide curves},
  author={Rayburn, Daniel B and Fitzpatrick, Thomas M and Van Albert, SA},
  booktitle={Neural Networks, 1994. IEEE World Congress on Computational Intelligence., 1994 IEEE International Conference on},
  volume={6},
  pages={3530--3533},
  year={1994},
  organization={IEEE}
}


@article{tusman2011capnography,
  title={Capnography reflects ventilation/perfusion distribution in a model of acute lung injury},
  author={Tusman, G and SUAREZ-SIPMANN, F and Bohm, SH and Borges, JB and Hedenstierna, G{\"o}ran},
  journal={Acta anaesthesiologica Scandinavica},
  volume={55},
  number={5},
  pages={597--606},
  year={2011},
  publisher={Wiley Online Library}
}


@article{fletcher1981concept,
  title={The concept of deadspace with special reference to the single breath test for carbon dioxide},
  author={Fletcher, R and Jonson, B and Cumming, GSBJ and Brew, J},
  journal={British journal of anaesthesia},
  volume={53},
  number={1},
  pages={77--88},
  year={1981},
  publisher={Elsevier}
}


@article{fowler1948lung,
  title={Lung function studies. II. The respiratory dead space},
  author={Fowler, Ward S},
  journal={American Journal of Physiology-Legacy Content},
  volume={154},
  number={3},
  pages={405--416},
  year={1948},
  publisher={American Physiological Society}
}


@article{brewer2008anatomic,
  title={Anatomic dead space cannot be predicted by body weight},
  author={Brewer, Lara M and Orr, Joseph A and Pace, Nathan L},
  journal={Respiratory care},
  volume={53},
  number={7},
  pages={885--891},
  year={2008},
  publisher={Respiratory Care}
}


@article{tang2007systematic,
  title={Systematic errors and susceptibility to noise of four methods for calculating anatomical dead space from the CO2 expirogram},
  author={Tang, Y and Turner, MJ and Baker, AB},
  journal={British journal of anaesthesia},
  volume={98},
  number={6},
  pages={828--834},
  year={2007},
  publisher={Elsevier}
}


@article{jung2008modalites,
  title={Les modalit{\'e}s de l’intubation en urgence et ses complications},
  author={Jung, B and Chanques, G and Sebbane, M and Verzilli, D and Jaber, S},
  journal={R{\'e}animation},
  volume={17},
  number={8},
  pages={753--760},
  year={2008},
  publisher={Elsevier}
}


@article{kline1998preliminary,
  title={Preliminary study of the capnogram waveform area to screen for pulmonary embolism},
  author={Kline, Jeffrey A and Arunachlam, Meena},
  journal={Annals of emergency medicine},
  volume={32},
  number={3},
  pages={289--296},
  year={1998},
  publisher={Elsevier}
}


@article{wiegand2000effectiveness,
  title={Effectiveness of end-tidal carbon dioxide tension for monitoring of thrombolytic therapy in acute pulmonary embolism},
  author={Wiegand, Uwe KH and Kurowski, Volkhard and Giannitsis, Evangelos and Katus, Hugo A and Djonlagic, Hasib},
  journal={Critical care medicine},
  volume={28},
  number={11},
  pages={3588--3592},
  year={2000},
  publisher={LWW}
}





















@article{ozier2011pivotal,
  title={The pivotal role of airway smooth muscle in asthma pathophysiology},
  author={Ozier, Anna{\"\i}g and Allard, Benoit and Bara, Imane and Girodet, Pierre-Olivier and Trian, Thomas and Marthan, Roger and Berger, Patrick},
  journal={Journal of allergy},
  volume={2011},
  year={2011},
  publisher={Hindawi}
}


@article{hisamuddin2009correlations,
  title={Correlations between capnographic waveforms and peak flow meter measurement in emergency department management of asthma},
  author={Hisamuddin, NAR Nik and Rashidi, A and Chew, KS and Kamaruddin, J and Idzwan, Z and Teo, AH},
  journal={International journal of emergency medicine},
  volume={2},
  number={2},
  pages={83--89},
  year={2009},
  publisher={Springer}
}


@article{langhan2008quantitative,
  title={Quantitative end-tidal carbon dioxide in acute exacerbations of asthma},
  author={Langhan, Melissa L and Zonfrillo, Mark R and Spiro, David M},
  journal={The Journal of pediatrics},
  volume={152},
  number={6},
  pages={829--832},
  year={2008},
  publisher={Elsevier}
}









